<?xml version="1.0" encoding="UTF-8"?><record xmlns="http://www.loc.gov/MARC21/slim" xmlns:cinclude="http://apache.org/cocoon/include/1.0" xmlns:zs="http://www.loc.gov/zing/srw/">
  <leader>00349nz  a2200121n  4500</leader>
  <controlfield tag="001">n  97094929 </controlfield>
  <controlfield tag="003">DLC</controlfield>
  <controlfield tag="005">19970919102018.8</controlfield>
  <controlfield tag="008">970919n| acannaab|          |n ana |||  </controlfield>
  <datafield tag="010" ind1=" " ind2=" ">
    <subfield code="a">n  97094929 </subfield>
  </datafield>
  <datafield tag="040" ind1=" " ind2=" ">
    <subfield code="a">DLC</subfield>
    <subfield code="c">DLC</subfield>
  </datafield>
  <datafield tag="110" ind1="2" ind2="0">
    <subfield code="a">Krylʹi︠a︡ Sovetov (Soccer team)</subfield>
  </datafield>
  <datafield tag="670" ind1=" " ind2=" ">
    <subfield code="a">Polveka s "Krylʹi︠a︡mi Sovetov", 1992:</subfield>
    <subfield code="b">t.p. (Krylʹi︠a︡mi Sovetov)</subfield>
  </datafield>
</record>